<?xml version="1.0" encoding="UTF-8"?><collection xmlns="http://www.loc.gov/MARC21/slim"><record><leader>00618nam--2200205-u-4500</leader><controlfield tag="001">000055795</controlfield><controlfield tag="002">20161230</controlfield><controlfield tag="005">20161230201052</controlfield><controlfield tag="008">130617s1000------------r-----000-0-eng-d</controlfield><datafield ind1=" " ind2=" " tag="020"><subfield code="a">9786061602476</subfield></datafield><datafield ind1=" " ind2=" " tag="040"><subfield code="a">IFIN-HH</subfield></datafield><datafield ind1=" " ind2=" " tag="080"><subfield code="a">517.982.22</subfield></datafield><datafield ind1="1" ind2=" " tag="100"><subfield code="a">Duma, Adrian</subfield></datafield><datafield ind1="1" ind2="0" tag="245"><subfield code="a">Ecuatii operationale neliniare in spatii banach ordonate</subfield><subfield code="b">Non-linear operational equations in ordered banach spaces</subfield><subfield code="c">Adrian duma</subfield></datafield><datafield ind1=" " ind2=" " tag="250"><subfield code="a">Editie Bilingva-romana-engleza</subfield></datafield><datafield ind1=" " ind2=" " tag="260"><subfield code="a">Bucuresti</subfield><subfield code="b">Editrua Universitatii</subfield><subfield code="c">2013</subfield></datafield><datafield ind1=" " ind2=" " tag="300"><subfield code="a">162P</subfield></datafield><datafield ind1=" " ind2=" " tag="500"><subfield code="a">Donatie</subfield></datafield><datafield ind1=" " ind2=" " tag="852"><subfield code="a">82363</subfield><subfield code="c">537.9</subfield></datafield><datafield ind1=" " ind2=" " tag="CAT"><subfield code="a">Sys</subfield><subfield code="c">20130618</subfield><subfield code="h">135303</subfield></datafield></record></collection>